<?xml version="1.0" encoding="utf-8"?>
<record xmlns="http://www.loc.gov/MARC21/slim" xmlns:xsi="http://www.w3.org/2001/XMLSchema-instance" xsi:schemaLocation="http://www.loc.gov/MARC21/slim http://www.loc.gov/standards/marcxml/schema/MARC21slim.xsd">
	<leader>     nam a22     Mi 4500</leader>
	<controlfield tag="001">b12483564</controlfield>
	<controlfield tag="003">LeBAU</controlfield>
	<controlfield tag="006">m        d        </controlfield>
	<controlfield tag="007">cr cn |||m|||a</controlfield>
	<controlfield tag="008">210616s1934    ua      od    ||0 0 ara d</controlfield>
	<datafield ind1=" " ind2=" " tag="040">
		<subfield code="a">ZYU</subfield>
		<subfield code="b">ara</subfield>
		<subfield code="e">rda</subfield>
		<subfield code="c">ZYU</subfield>
	</datafield>
	<datafield ind1="0" ind2="4" tag="082">
		<subfield code="a">492.73</subfield>
		<subfield code="2">23</subfield>
	</datafield>
	<datafield ind1="1" ind2=" " tag="100">
		<subfield code="6">880-01</subfield>
		<subfield code="a">Subkī, Muḥammad ʻAbd al-Laṭīf,</subfield>
		<subfield code="d">-1969.</subfield>
		<subfield code="e">author.</subfield>
		<subfield code="0">https://lccn.loc.gov/n86099960 ,</subfield>
	</datafield>
	<datafield ind1="1" ind2="0" tag="245">
		<subfield code="6">880-02</subfield>
		<subfield code="a">al-Mukhtār min Ṣiḥāḥ al-lughah /</subfield>
		<subfield code="c">taʼlīf Muḥammad ʻAbd al-Laṭīf al-Subkī, al-mufattish bi-al-maʻāhid al-dīnīyah, wa-Muḥammad Muḥyī al-Dīn ʻAbd al-Ḥamīd, al-mufattish bi-al-maʻāhid al-dīnīyah.</subfield>
	</datafield>
	<datafield ind1=" " ind2="1" tag="264">
		<subfield code="6">880-03</subfield>
		<subfield code="a">Miṣr :</subfield>
		<subfield code="b">al-Maktabah al-Tijārīyah al-Kubrá,</subfield>
		<subfield code="c">1353 H. = 1934 [M.]</subfield>
	</datafield>
	<datafield ind1=" " ind2=" " tag="300">
		<subfield code="6">880-04</subfield>
		<subfield code="a">online resource (j-ʻ, 591 pages)</subfield>
	</datafield>
	<datafield ind1=" " ind2=" " tag="336">
		<subfield code="a">text</subfield>
		<subfield code="2">rdacontent</subfield>
	</datafield>
	<datafield ind1=" " ind2=" " tag="337">
		<subfield code="a">computer</subfield>
		<subfield code="2">rdamedia</subfield>
	</datafield>
	<datafield ind1=" " ind2=" " tag="338">
		<subfield code="a">online resource</subfield>
		<subfield code="2">rdacarrier</subfield>
	</datafield>
	<datafield ind1=" " ind2=" " tag="500">
		<subfield code="a">Part of the Arabic Collections Online (ACO) project, contributed by American University of Beirut's Jafet Memorial Library.</subfield>
	</datafield>
	<datafield ind1=" " ind2=" " tag="533">
		<subfield code="a">Electronic reproduction.</subfield>
		<subfield code="b">New York, N.Y. :</subfield>
		<subfield code="c">New York University,</subfield>
		<subfield code="d">2021.</subfield>
		<subfield code="5">NNU</subfield>
	</datafield>
	<datafield ind1=" " ind2=" " tag="588">
		<subfield code="a">تاريخ النشر اخذ من الصفحة الاخيرة.</subfield>
	</datafield>
	<datafield ind1="1" ind2="4" tag="600">
		<subfield code="a">الجوهري، إسماعيل بن حماد،</subfield>
		<subfield code="d">-1003؟.</subfield>
		<subfield code="t">الصحاح.</subfield>
	</datafield>
	<datafield ind1="1" ind2="0" tag="600">
		<subfield code="a">Jawharī, Ismāʻīl ibn Ḥammād,</subfield>
		<subfield code="d">-1003?</subfield>
		<subfield code="t">Ṣiḥāḥ.</subfield>
	</datafield>
	<datafield ind1=" " ind2="4" tag="650">
		<subfield code="a">اللغة العربية</subfield>
		<subfield code="v">قواميس.</subfield>
	</datafield>
	<datafield ind1=" " ind2="0" tag="650">
		<subfield code="a">Arabic language</subfield>
		<subfield code="v">Dictionaries.</subfield>
	</datafield>
	<datafield ind1="1" ind2="2" tag="700">
		<subfield code="6">880-05</subfield>
		<subfield code="a">ʻAbd al-Ḥamīd, Muḥammad Muḥyī al-Dīn.</subfield>
		<subfield code="e">author.</subfield>
		<subfield code="0">https://lccn.loc.gov/n81065895 ,</subfield>
	</datafield>
	<datafield ind1="1" ind2="2" tag="700">
		<subfield code="6">880-06</subfield>
		<subfield code="a">Rāzī, Muḥammad ibn Abī Bakr,</subfield>
		<subfield code="d">active 1261.</subfield>
		<subfield code="t">Mukhtār al-Ṣiḥāḥ.</subfield>
	</datafield>
	<datafield ind1="1" ind2="2" tag="700">
		<subfield code="6">880-07</subfield>
		<subfield code="a">Jawharī, Ismāʻīl ibn Ḥammād,</subfield>
		<subfield code="d">-1003?.</subfield>
		<subfield code="t">Ṣiḥāḥ.</subfield>
		<subfield code="0">https://lccn.loc.gov/n82085863 .</subfield>
	</datafield>
	<datafield ind1="2" ind2=" " tag="710">
		<subfield code="a">Jafet Memorial Library.</subfield>
	</datafield>
	<datafield ind1="0" ind2=" " tag="730">
		<subfield code="a">Arabic Collections Online.</subfield>
	</datafield>
	<datafield ind1="0" ind2="8" tag="776">
		<subfield code="i">Print version:</subfield>
		<subfield code="a">Subkī, Muḥammad ʻAbd al-Laṭīf, -1969. author. https://lccn.loc.gov/n86099960 ,</subfield>
		<subfield code="t">al-Mukhtār min Ṣiḥāḥ al-lughah</subfield>
		<subfield code="w">(LeBAU)b12483564</subfield>
	</datafield>
	<datafield ind1="4" ind2="0" tag="856">
		<subfield code="u">http://hdl.handle.net/2333.1/hx3ffp0v</subfield>
	</datafield>
	<datafield ind1="1" ind2=" " tag="880">
		<subfield code="6">100-01</subfield>
		<subfield code="a">السبكي، محمد عبد اللطيف،</subfield>
		<subfield code="d">-1969،</subfield>
		<subfield code="0">https://lccn.loc.gov/n86099960 ,</subfield>
		<subfield code="e">مؤلف. </subfield>
		<subfield code="4">aut.</subfield>
	</datafield>
	<datafield ind1="1" ind2="3" tag="880">
		<subfield code="6">245-02</subfield>
		<subfield code="a">المختار من صحاح اللغة /</subfield>
		<subfield code="c">تأليف محمد عبد اللطيف السبكي، المفتش بالمعاهد الدينية، ومحمد محي الدين عبد الحميد، المفتش بالمعاهد الدينية.</subfield>
	</datafield>
	<datafield ind1=" " ind2=" " tag="880">
		<subfield code="6">300-04</subfield>
		<subfield code="a">ج-ع، 591 صفحة ؛</subfield>
		<subfield code="c">20 سم</subfield>
	</datafield>
	<datafield ind1=" " ind2="1" tag="880">
		<subfield code="6">264-03</subfield>
		<subfield code="a">مصر :</subfield>
		<subfield code="b">المكتبة التجارية الكبرى،</subfield>
		<subfield code="c">1353 هـ. = 1934 [م.]</subfield>
	</datafield>
	<datafield ind1="1" ind2=" " tag="880">
		<subfield code="6">700-05</subfield>
		<subfield code="a">عبد الحميد، محمد محي الدين،</subfield>
		<subfield code="0">https://lccn.loc.gov/n81065895 ,</subfield>
		<subfield code="e">مؤلف. </subfield>
		<subfield code="4">aut.</subfield>
	</datafield>
	<datafield ind1="1" ind2=" " tag="880">
		<subfield code="6">700-06</subfield>
		<subfield code="a">الرازي، محمد بن أبي بكر،</subfield>
		<subfield code="d">اشتهر في العام 1261 .</subfield>
		<subfield code="t">مختار الصحاح.</subfield>
	</datafield>
	<datafield ind1="1" ind2="2" tag="880">
		<subfield code="6">700-07</subfield>
		<subfield code="a">الجوهري، اسماعيل بن حماد،</subfield>
		<subfield code="d">-1003?</subfield>
		<subfield code="0">https://lccn.loc.gov/n82085863 .</subfield>
		<subfield code="t">الصحاح.</subfield>
	</datafield>
	<datafield ind1=" " ind2=" " tag="959">
		<subfield code="a">NNU</subfield>
		<subfield code="b">WEB</subfield>
		<subfield code="c">GENI</subfield>
		<subfield code="t">0</subfield>
		<subfield code="m">Electronic access</subfield>
		<subfield code="s">01</subfield>
	</datafield>
	<datafield ind1=" " ind2=" " tag="999">
		<subfield code="i">LeBAU_b12483564</subfield>
		<subfield code="s">aub_aco004362</subfield>
		<subfield code="e">(ERROR-MISC)</subfield>
	</datafield>
</record>
